<?xml version="1.0" encoding="UTF-8"?>
<collection xmlns:xsi="http://www.w3.org/2001/XMLSchema-instance" xsi:schemaLocation="http://www.loc.gov/MARC21/slim http://www.loc.gov/standards/marcxml/schema/MARC21slim.xsd" xmlns="http://www.loc.gov/MARC21/slim">
<record>
  <leader>01260cam a2200253Ma 4500</leader>
  <controlfield tag="001">3071671</controlfield>
  <controlfield tag="003">NNC</controlfield>
  <controlfield tag="005">20151019143159.0</controlfield>
  <controlfield tag="008">831214s1896    ua       i    001 0 ara d</controlfield>
  <datafield tag="035" ind1=" " ind2=" ">
    <subfield code="a">(OCoLC)ocm25688341</subfield>
  </datafield>
  <datafield tag="035" ind1=" " ind2=" ">
    <subfield code="9">ATP4675CU</subfield>
  </datafield>
  <datafield tag="035" ind1=" " ind2=" ">
    <subfield code="a">(NNC)3071671</subfield>
  </datafield>
  <datafield tag="035" ind1=" " ind2=" ">
    <subfield code="a">3071671</subfield>
  </datafield>
  <datafield tag="040" ind1=" " ind2=" ">
    <subfield code="a">PUL</subfield>
    <subfield code="c">PUL</subfield>
    <subfield code="d">OCL</subfield>
    <subfield code="d">ZCU</subfield>
  </datafield>
  <datafield tag="099" ind1=" " ind2=" ">
    <subfield code="a">893.7Ib5</subfield>
    <subfield code="a">P</subfield>
    <subfield code="a">Index</subfield>
  </datafield>
  <datafield tag="100" ind1="1" ind2=" ">
    <subfield code="a">Biblāwī, Muḥammad ʻAlī.</subfield>
  </datafield>
  <datafield tag="245" ind1="1" ind2="0">
    <subfield code="a">Fihrist al-aʻlām al-wāridah :</subfield>
    <subfield code="b">fī al-juzʾ al-awwal wa-al-thānī wa-al-thālith min kitāb Badāʾiʻ al-zuhūr fī waqāʾiʻ al-duhūr li-Ibn Iyās /</subfield>
    <subfield code="c">ʻuniyá bi-jamʻihā wa-tartībihā Muḥammad ʻAlī al-Biblāwī ; bi-musāʻadat ʻAlī Afandī Ṣubḥī ; wa-kāna al-ihtimām bi-jamʻihi wa-tartībih bināʾ ʻalá saʻādat Yaʻqūb Bāshā Artīn.</subfield>
  </datafield>
  <datafield tag="260" ind1=" " ind2=" ">
    <subfield code="a">Būlāq Miṣr al-Maḥmīyah :</subfield>
    <subfield code="b">al-Maṭbaʻah al-Amīrīyah,</subfield>
    <subfield code="c">1896.</subfield>
  </datafield>
  <datafield tag="300" ind1=" " ind2=" ">
    <subfield code="a">168 p. ;</subfield>
    <subfield code="c">24 cm.</subfield>
  </datafield>
  <datafield tag="600" ind1="0" ind2="0">
    <subfield code="a">Ibn Iyās,</subfield>
    <subfield code="d">1448-approximately 1524.</subfield>
    <subfield code="t">Badāʼiʻ al-zuhūr fī waqāʼiʻ al-duhūr</subfield>
    <subfield code="v">Indexes.</subfield>
  </datafield>
  <datafield tag="700" ind1="1" ind2=" ">
    <subfield code="a">Ṣubḥī, ʻAlī Afandī.</subfield>
  </datafield>
  <datafield tag="700" ind1="1" ind2=" ">
    <subfield code="a">Artin, Yacoub,</subfield>
    <subfield code="d">1842-1919.</subfield>
  </datafield>
  <datafield tag="700" ind1="0" ind2=" ">
    <subfield code="a">Ibn Iyās,</subfield>
    <subfield code="d">1448-approximately 1524.</subfield>
    <subfield code="t">Badāʼiʻ al-zuhūr fī waqāʼiʻ al-duhūr.</subfield>
  </datafield>
  <datafield tag="955" ind1=" " ind2=" ">
    <subfield code="b">CU10168052</subfield>
    <subfield code="d">off,glx</subfield>
    <subfield code="e">893.7Ib5 P Index</subfield>
  </datafield>
</record>
</collection>